
@article{paper:classf-eqbm-bf,
author = {Di Bernardo, M. and Garofalo, F. and Iannelli, L. and Vasca, F.},
title = {Bifurcations in piecewise-smooth feedback systems},
journal = {International Journal of Control},
volume = {75},
number = {16-17},
pages = {1243-1259},
year = {2002},
doi = {10.1080/0020717021000023681},
URL = {http://www.tandfonline.com/doi/abs/10.1080/0020717021000023681},
eprint = {http://www.tandfonline.com/doi/pdf/10.1080/0020717021000023681}
}

@article{paper:nordmark-sqrt,
title = "Non-periodic motion caused by grazing incidence in an impact oscillator",
journal = "Journal of Sound and Vibration",
volume = "145",
number = "2",
pages = "279 - 297",
year = "1991",
note = "",
issn = "0022-460X",
doi = "10.1016/0022-460X(91)90592-8",
url = "http://www.sciencedirect.com/science/article/pii/0022460X91905928",
author = "A.B. Nordmark"
}

@article{paper:sob-trace-sing,
title = "The nature of the normal form map for soft impacting systems",
journal = "International Journal of Non-Linear Mechanics",
volume = "43",
number = "6",
pages = "504 - 513",
year = "2008",
note = "<ce:title>Non-linear Dynamics of Engineering Systems</ce:title>",
issn = "0020-7462",
doi = "10.1016/j.ijnonlinmec.2008.04.001",
url = "http://www.sciencedirect.com/science/article/pii/S0020746208000668",
author = "Yue Ma and James Ing and Soumitro Banerjee and Marian Wiercigroch and Ekaterina Pavlovskaia",
keywords = "Impact oscillator",
keywords = "Border collision bifurcation",
keywords = "Soft impact",
keywords = "Normal form"
}

@MISC{paper:classify-pws-bif,
    author = {Soumitro Banerjee and Priya Ranjan and Celso Grebogi},
    title = {Bifurcations in Two-Dimensional Piecewise Smooth Maps - Theory and Applications in Switching Circuits},
    year = {2000}
}
