@ARTICLE{2010arXiv1002.2448O,
   author = {{Okninski}, A. and {Radziszewski}, B.},
    title = "{Chaotic dynamics in a simple bouncing ball model}",
  journal = {ArXiv e-prints},
archivePrefix = "arXiv",
   eprint = {1002.2448},
 primaryClass = "nlin.CD",
 keywords = {Nonlinear Sciences - Chaotic Dynamics},
     year = 2010,
    month = feb,
   adsurl = {http://adsabs.harvard.edu/abs/2010arXiv1002.2448O},
  adsnote = {Provided by the SAO/NASA Astrophysics Data System}
}

@book{hilborn-chaos,
  title={Chaos and nonlinear dynamics: an introduction for scientists and engineers},
  author={Hilborn, R.},
  isbn={9780198507239},
  lccn={2001265784},
  url={http://books.google.co.in/books?id=fwybfh-nIyEC},
  year={2000},
  publisher={Oxford University Press, Incorporated}
}

@ARTICLE{feigin-1970,
   author = {{Feigin}, M.},
    title = "{Doubling of the oscillation period with C-bifurcations in piecewise-continuous systems PMM vol. 34, 1970, pp. 861-869}",
  journal = {Journal of Applied Mathematics and Mechanics},
     year = 1970,
   volume = 34,
    pages = {822-830},
      doi = {10.1016/0021-8928(70)90064-X},
   adsurl = {http://adsabs.harvard.edu/abs/1970JApMM..34..822F},
  adsnote = {Provided by the SAO/NASA Astrophysics Data System}
}

@article{feigin-1999,
  title={Local analysis of C-bifurcations in n-dimensional piecewise-smooth dynamical systems},
  author={Di Bernardo, M and Feigin, M\_I and Hogan, SJ and Homer, ME},
  journal={Chaos, Solitons and Fractals},
  volume={10},
  number={11},
  pages={1881--1908},
  year={1999},
  publisher={Elsevier}
}

@article{bernardo-c-cases,
  title={Bifurcations in piecewise-smooth feedback systems},
  author={Di Bernardo, M and Garofalo, F and Iannelli, L and Vasca, F},
  journal={International Journal of Control},
  volume={75},
  number={16-17},
  pages={1243--1259},
  year={2002},
  publisher={Taylor \& Francis}
}
