@ARTICLE{2010arXiv1002.2448O,
   author = {{Okninski}, A. and {Radziszewski}, B.},
    title = "{Chaotic dynamics in a simple bouncing ball model}",
  journal = {ArXiv e-prints},
archivePrefix = "arXiv",
   eprint = {1002.2448},
 primaryClass = "nlin.CD",
 keywords = {Nonlinear Sciences - Chaotic Dynamics},
     year = 2010,
    month = feb,
   adsurl = {http://adsabs.harvard.edu/abs/2010arXiv1002.2448O},
  adsnote = {Provided by the SAO/NASA Astrophysics Data System}
}

@book{hilborn-chaos,
  title={Chaos and nonlinear dynamics: an introduction for scientists and engineers},
  author={Hilborn, R.},
  isbn={9780198507239},
  lccn={2001265784},
  url={http://books.google.co.in/books?id=fwybfh-nIyEC},
  year={2000},
  publisher={Oxford University Press, Incorporated}
}

@ARTICLE{feigin-1970,
   author = {{Feigin}, M.},
    title = "{Doubling of the oscillation period with C-bifurcations in piecewise-continuous systems PMM vol. 34, 1970, pp. 861-869}",
  journal = {Journal of Applied Mathematics and Mechanics},
     year = 1970,
   volume = 34,
    pages = {822-830},
      doi = {10.1016/0021-8928(70)90064-X},
   adsurl = {http://adsabs.harvard.edu/abs/1970JApMM..34..822F},
  adsnote = {Provided by the SAO/NASA Astrophysics Data System}
}

@article{feigin-1999,
  title={Local analysis of C-bifurcations in n-dimensional piecewise-smooth dynamical systems},
  author={Di Bernardo, M and Feigin, M and Hogan, SJ and Homer, ME},
  journal={Chaos, Solitons and Fractals},
  volume={10},
  number={11},
  pages={1881--1908},
  year={1999},
  publisher={Elsevier}
}

@article{bernardo-c-cases,
  title={Bifurcations in piecewise-smooth feedback systems},
  author={Di Bernardo, M and Garofalo, F and Iannelli, L and Vasca, F},
  journal={International Journal of Control},
  volume={75},
  number={16-17},
  pages={1243--1259},
  year={2002},
  publisher={Taylor \& Francis}
}

@article{bernardo-grazing-prl,
  title={Grazing and border-collision in piecewise-smooth systems: A unified analytical framework},
  author={Di Bernardo, M and Budd, CJ and Champneys, AR},
  journal={Physical Review Letters},
  volume={86},
  number={12},
  pages={2553--2556},
  year={2001},
  publisher={APS}
}

@article{dankowicz-nordmark-zdm,
  title={On the origin and bifurcations of stick-slip oscillations},
  author={Dankowicz, Harry and Nordmark, Arne B},
  journal={Physica D: Nonlinear Phenomena},
  volume={136},
  number={3},
  pages={280--302},
  year={2000},
  publisher={Elsevier}
}

@article{banerjee-kundu-soft,
  title={Singularities in soft-impacting systems},
  author={Kundu, Soumya and Banerjee, Soumitro and Pavlovskaia, Ekaterina and Wiercigroch, Marian and others},
  journal={Physica D: Nonlinear Phenomena},
  volume={241},
  number={5},
  pages={553--565},
  year={2012},
  publisher={Elsevier}
}


@article{banerjee-kundu-hard,
  title={Vanishing singularity in hard impacting systems},
  author={Kundu, Soumya and Banerjee, Soumitro and Giaouris, Damian},
  journal={Discr. Contin. Dyn. Syst., Ser. B},
  volume={16},
  number={1},
  pages={319--332},
  year={2011}
}


@article{banerjee-norm-form,
  title={Border collision bifurcations in two-dimensional piecewise smooth maps},
  author={Banerjee, Soumitro and Grebogi, Celso},
  journal={Physical Review E},
  volume={59},
  number={4},
  pages={4052},
  year={1999},
  publisher={APS}
}

@article{dm-orig-nordmark,
  title={Bifurcations caused by grazing incidence in many degrees of freedom impact oscillators},
  author={Fredriksson, Mats H and Nordmark, Arne B},
  journal={Proceedings of the Royal Society of London. Series A: Mathematical, Physical and Engineering Sciences},
  volume={453},
  number={1961},
  pages={1261--1276},
  year={1997},
  publisher={The Royal Society}
}

@book{bernardo-book,
  title={Piecewise-smooth dynamical systems: theory and applications},
  author={Bernardo, Mario and Budd, Chris and Champneys, Alan Richard and Kowalczyk, Piotr},
  volume={163},
  year={2007},
  publisher={Springer}
}

@article{ma-nraphson,
  title={The nature of the normal form map for soft impacting systems},
  author={Ma, Yue and Banerjee, Soumitro and Wiercigroch, Marian and Pavlovskaia, Ekaterina and others},
  journal={International Journal of Non-Linear Mechanics},
  volume={43},
  number={6},
  pages={504--513},
  year={2008},
  publisher={Elsevier}
}

@article{grebogi-transient,
  title={Critical exponent of chaotic transients in nonlinear dynamical systems},
  author={Grebogi, Celso and Ott, Edward and Yorke, James A},
  journal={Physical review letters},
  volume={57},
  number={11},
  pages={1284--1287},
  year={1986},
  publisher={APS}
}

@article{intermittency-1980,
  title={Intermittent transition to turbulence in dissipative dynamical systems},
  author={Pomeau, Yves and PSRM, Paul Manneville DPh G},
  journal={Communications in Mathematical Physics},
  volume={74},
  number={2},
  pages={189--197},
  year={1980},
  publisher={Springer}
}
